@proceedings{icassp2013,
	Booktitle = icassp2013,
	Date-Added = {2014-11-01 19:35:14 +0000},
	Date-Modified = {2014-11-01 19:35:47 +0000},
	Title = icassp2013,
	Year = {2013}}


@proceedings{nips2009,
	Booktitle = nips2009,
	Date-Added = {2014-11-02 04:05:32 +0000},
	Date-Modified = {2014-11-02 05:39:41 +0000},
	Editor = {Bengio, Y. and Schuurmans, D. and Lafferty, J.D. and Williams, C.K.I. and Culotta, A.},
	Title = nips2009,
	Year = {2009}}

@proceedings{icassp2014,
	Booktitle = icassp2014,
	Date-Added = {2014-11-02 05:18:43 +0000},
	Date-Modified = {2014-11-02 05:18:59 +0000},
	Title = icassp2014,
	Year = {2014}}

@proceedings{icml2004,
	Booktitle = icml2004,
	Date-Added = {2014-11-02 05:45:44 +0000},
	Date-Modified = {2014-11-02 05:46:03 +0000},
	Title = icml2004,
	Year = {2004}
}

@proceedings{icml2012,
	Booktitle = icml2012,
	Date-Added = {2014-11-02 05:22:02 +0000},
	Date-Modified = {2014-11-02 05:22:13 +0000},
	Title = icml2012
}
	
@proceedings{icml2013,
	editor    = {Sanjoy Dasgupta and David McAllester},
  title     = {Proceedings of the 30th International Conference on Machine Learning,
               {ICML} 2013, Atlanta, GA, USA, 16-21 June 2013},
  series    = {{JMLR} Workshop and Conference Proceedings},
  volume    = {28},
  publisher = {JMLR.org},
  year      = {2013}
}
  %url       = {http://jmlr.org/proceedings/papers/v28/},
  %timestamp = {Tue, 12 Jul 2016 21:51:14 +0200},
  %biburl    = {http://dblp.uni-trier.de/rec/bib/conf/icml/2013},
  %bibsource = {dblp computer science bibliography, http://dblp.org}

@proceedings{icml2014,
	editor    = {Eric P. Xing and Tony Jebara},
  title     = {Proceedings of the 31th International Conference on Machine Learning,
               {ICML} 2014, Beijing, China, 21-26 June 2014},
  series    = {{JMLR} Workshop and Conference Proceedings},
  volume    = {32},
  publisher = {JMLR.org},
  year      = {2014},
}
  %url       = {http://jmlr.org/proceedings/papers/v32/},
  %timestamp = {Tue, 12 Jul 2016 21:51:15 +0200},
  %biburl    = {http://dblp.uni-trier.de/rec/bib/conf/icml/2014},
  %bibsource = {dblp computer science bibliography, http://dblp.org}

@proceedings{icml2015,
  editor    = {Francis R. Bach and
               David M. Blei},
  title     = {Proceedings of the 32nd International Conference on Machine Learning,
               {ICML} 2015, Lille, France, 6-11 July 2015},
  series    = {{JMLR} Workshop and Conference Proceedings},
  volume    = {37},
  publisher = {JMLR.org},
  year      = {2015}
}
  %url       = {http://jmlr.org/proceedings/papers/v37/},
  %timestamp = {Tue, 12 Jul 2016 21:51:15 +0200},
  %biburl    = {http://dblp.uni-trier.de/rec/bib/conf/icml/2015},
  %bibsource = {dblp computer science bibliography, http://dblp.org}

@proceedings{nips2012,
	Booktitle = nips2012,
	Date-Added = {2014-11-02 05:57:41 +0000},
	Date-Modified = {2014-11-02 05:58:03 +0000},
	Editor = {Pereira, F. and Burges, C.J.C. and Bottou, L. and Weinberger, K. Q.},
	Title = nips2012,
	Year = {2012}}

@proceedings{nips1996,
	Booktitle = nips1996,
	Date-Added = {2014-11-02 05:52:18 +0000},
	Date-Modified = {2014-11-02 05:52:39 +0000},
	Title = nips1996,
	Year = {1996}}

@proceedings{nips2006,
	Booktitle = nips2006,
	Date-Added = {2014-11-02 05:55:08 +0000},
	Date-Modified = {2014-11-02 05:55:43 +0000},
	Editor = {Sch\"{o}lkopf, B. and Platt, J.C. and Hoffman, T.},
	Title = nips2006,
	Year = {2006}}

@proceedings{nips2007,
	Booktitle = nips2007,
	Date-Added = {2014-11-02 06:03:40 +0000},
	Date-Modified = {2014-11-02 06:04:11 +0000},
	Title = nips2007,
	Year = {2007}}

@proceedings{nips2008,
	Booktitle = nips2008,
	Date-Added = {2014-11-02 06:06:23 +0000},
	Date-Modified = {2014-11-02 06:06:38 +0000},
	Title = nips2008,
	Year = {2008}}
	
@proceedings{nips2014,
	Booktitle = nips2014,
	Date-Added = {2014-11-14 14:07:32 +0000},
	Date-Modified = {2014-11-14 14:07:32 +0000},
	Editor = {Cortes, Corinna and Lawrence, Neil and Weinberger, Kilian},
	Title = nips2014,
	Year = {2014}}
	
@proceedings{aistats2010,
  editor    = {Yee Whye Teh and
               D. Mike Titterington},
  title     = {Proceedings of the Thirteenth International Conference on Artificial
               Intelligence and Statistics, {AISTATS} 2010, Chia Laguna Resort, Sardinia,
               Italy, May 13-15, 2010},
  series    = {{JMLR} Proceedings},
  volume    = {9},
  publisher = {JMLR.org},
  year      = {2010},
  url       = {http://jmlr.org/proceedings/papers/v9/},
  timestamp = {Thu, 11 Sep 2014 07:28:56 +0200},
  biburl    = {http://dblp.uni-trier.de/rec/bib/conf/aistats/2010},
  bibsource = {dblp computer science bibliography, http://dblp.org}
}

@proceedings{aistats2012,
  editor    = {Neil D. Lawrence and
               Mark A. Girolami},
  title     = {Proceedings of the Fifteenth International Conference on Artificial
               Intelligence and Statistics, {AISTATS} 2012, La Palma, Canary Islands,
               April 21-23, 2012},
  series    = {{JMLR} Proceedings},
  volume    = {22},
  publisher = {JMLR.org},
  year      = {2012},
  timestamp = {Fri, 08 Apr 2016 07:34:34 +0200},
  biburl    = {http://dblp.uni-trier.de/rec/bib/conf/aistats/2012},
  bibsource = {dblp computer science bibliography, http://dblp.org}
}
% url = {http://jmlr.org/proceedings/papers/v22/}


@proceedings{interspeech2000,
  title     = {Sixth International Conference on Spoken Language Processing, {ICSLP}
               2000 / {INTERSPEECH} 2000, Beijing, China, October 16-20, 2000},
  publisher = {{ISCA}},
  year      = {2000},
  timestamp = {Wed, 23 Mar 2011 16:38:27 +0100},
  biburl    = {http://dblp.uni-trier.de/rec/bib/conf/interspeech/2000},
  bibsource = {dblp computer science bibliography, http://dblp.org}
}

@proceedings{interspeech2006,
  title     = {{INTERSPEECH} 2006 - ICSLP, Ninth International Conference on Spoken
               Language Processing, Pittsburgh, PA, USA, September 17-21, 2006},
  publisher = {{ISCA}},
  year      = {2006},
  timestamp = {Fri, 11 Mar 2011 14:41:35 +0100},
  biburl    = {http://dblp.uni-trier.de/rec/bib/conf/interspeech/2006},
  bibsource = {dblp computer science bibliography, http://dblp.org}
}

@proceedings{icassp2007,
  title     = {Proceedings of the {IEEE} International Conference on Acoustics, Speech,
               and Signal Processing, {ICASSP} 2007, Honolulu, Hawaii, USA, April
               15-20, 2007},
  publisher = {{IEEE}},
  year      = {2007},
  isbn      = {1-4244-0727-3},
  timestamp = {Wed, 09 Apr 2014 19:47:39 +0200},
  biburl    = {http://dblp.uni-trier.de/rec/bib/conf/icassp/2007},
  bibsource = {dblp computer science bibliography, http://dblp.org}
}
% url = {http://ieeexplore.ieee.org/xpl/mostRecentIssue.jsp?punumber=4216989}
@proceedings{icassp2009,
  title     = {Proceedings of the {IEEE} International Conference on Acoustics, Speech,
               and Signal Processing, {ICASSP} 2009, 19-24 April 2009, Taipei, Taiwan},
  publisher = {{IEEE}},
  year      = {2009},
  timestamp = {Thu, 06 May 2010 13:28:18 +0200},
  biburl    = {http://dblp.uni-trier.de/rec/bib/conf/icassp/2009},
  bibsource = {dblp computer science bibliography, http://dblp.org}
}

@proceedings{asru2011,
  editor    = {David Nahamoo and
               Michael Picheny},
  title     = {2011 {IEEE} Workshop on Automatic Speech Recognition {\&} Understanding,
               {ASRU} 2011, Waikoloa, HI, USA, December 11-15, 2011},
  publisher = {{IEEE}},
  year      = {2011},
  isbn      = {978-1-4673-0365-1},
  timestamp = {Fri, 25 May 2012 12:41:44 +0200},
  biburl    = {http://dblp.uni-trier.de/rec/bib/conf/asru/2011},
  bibsource = {dblp computer science bibliography, http://dblp.org}
}
% url = {http://ieeexplore.ieee.org/xpl/mostRecentIssue.jsp?punumber=6156582},

@proceedings{interspeech2011,
  title     = {{INTERSPEECH} 2011, 12th Annual Conference of the International Speech
               Communication Association, Florence, Italy, August 27-31, 2011},
  publisher = {{ISCA}},
  year      = {2011},
  timestamp = {Wed, 21 Dec 2011 21:33:26 +0100},
  biburl    = {http://dblp.uni-trier.de/rec/bib/conf/interspeech/2011},
  bibsource = {dblp computer science bibliography, http://dblp.org}
}

@proceedings{interspeech2013,
  editor    = {Fr{\'{e}}d{\'{e}}ric Bimbot and
               Christophe Cerisara and
               C{\'{e}}cile Fougeron and
               Guillaume Gravier and
               Lori Lamel and
               Fran{\c{c}}ois Pellegrino and
               Pascal Perrier},
  title     = {{INTERSPEECH} 2013, 14th Annual Conference of the International Speech
               Communication Association, Lyon, France, August 25-29, 2013},
  publisher = {{ISCA}},
  year      = {2013},
  timestamp = {Mon, 27 Jan 2014 17:26:02 +0100},
  biburl    = {http://dblp.uni-trier.de/rec/bib/conf/interspeech/2013},
  bibsource = {dblp computer science bibliography, http://dblp.org}
}
% url = {http://www.isca-speech.org/archive/interspeech_2013}

@proceedings{interspeech2014,
  editor    = {Haizhou Li and
               Helen M. Meng and
               Bin Ma and
               Engsiong Chng and
               Lei Xie},
  title     = {{INTERSPEECH} 2014, 15th Annual Conference of the International Speech
               Communication Association, Singapore, September 14-18, 2014},
  publisher = {{ISCA}},
  year      = {2014},
  url       = {http://www.isca-speech.org/archive/interspeech_2014},
  timestamp = {Wed, 18 Feb 2015 08:38:47 +0100},
  biburl    = {http://dblp.uni-trier.de/rec/bib/conf/interspeech/2014},
  bibsource = {dblp computer science bibliography, http://dblp.org}
}

@proceedings{cvpr2005,
  title     = {2005 {IEEE} Computer Society Conference on Computer Vision and Pattern
               Recognition {(CVPR} 2005), 20-26 June 2005, San Diego, CA, {USA}},
  publisher = {{IEEE} Computer Society},
  year      = {2005},
}
  %url       = {http://ieeexplore.ieee.org/xpl/mostRecentIssue.jsp?punumber=9901},
  %isbn      = {0-7695-2372-2},
  %timestamp = {Thu, 23 Jun 2016 15:53:27 +0200},
  %biburl    = {http://dblp.uni-trier.de/rec/bib/conf/cvpr/2005},
  %bibsource = {dblp computer science bibliography, http://dblp.org}

@proceedings{nips2013,
  editor    = {Christopher J. C. Burges and
               L{\'{e}}on Bottou and
               Zoubin Ghahramani and
               Kilian Q. Weinberger},
  title     = {Advances in Neural Information Processing Systems 26: 27th Annual
               Conference on Neural Information Processing Systems 2013. Proceedings
               of a meeting held December 5-8, 2013, Lake Tahoe, Nevada, United States},
  year      = {2013},
}
  %url       = {http://papers.nips.cc/book/advances-in-neural-information-processing-systems-26-2013},
  %timestamp = {Fri, 31 Jan 2014 12:11:40 +0100},
  %biburl    = {http://dblp.uni-trier.de/rec/bib/conf/nips/2013},
  %bibsource = {dblp computer science bibliography, http://dblp.org}
	
@proceedings{nips2005,
  title     = {Advances in Neural Information Processing Systems 18 [Neural Information
               Processing Systems, {NIPS} 2005, December 5-8, 2005, Vancouver, British
               Columbia, Canada]},
  year      = {2005},
}
  %url       = {http://papers.nips.cc/book/advances-in-neural-information-processing-systems-18-2005},
  %timestamp = {Thu, 11 Dec 2014 17:34:08 +0100},
  %biburl    = {http://dblp.uni-trier.de/rec/bib/conf/nips/2005},
  %bibsource = {dblp computer science bibliography, http://dblp.org}
	
@proceedings{nips2004,
  title     = {Advances in Neural Information Processing Systems 17 [Neural Information
               Processing Systems, {NIPS} 2004, December 13-18, 2004, Vancouver,
               British Columbia, Canada]},
  year      = {2004},
}
	%url       = {http://papers.nips.cc/book/advances-in-neural-information-processing-systems-17-2004},
  %timestamp = {Thu, 11 Dec 2014 17:34:07 +0100},
  %biburl    = {http://dblp.uni-trier.de/rec/bib/conf/nips/2004},
  %bibsource = {dblp computer science bibliography, http://dblp.org}
	
@proceedings{nips2002,
  editor    = {Suzanna Becker and
               Sebastian Thrun and
               Klaus Obermayer},
  title     = {Advances in Neural Information Processing Systems 15 [Neural Information
               Processing Systems, {NIPS} 2002, December 9-14, 2002, Vancouver, British
               Columbia, Canada]},
  publisher = {{MIT} Press},
  year      = {2003},
}
  %url       = {http://papers.nips.cc/book/advances-in-neural-information-processing-systems-15-2002},
  %isbn      = {0-262-02550-7},
  %timestamp = {Thu, 11 Dec 2014 17:34:07 +0100},
  %biburl    = {http://dblp.uni-trier.de/rec/bib/conf/nips/2002},
  %bibsource = {dblp computer science bibliography, http://dblp.org}
	
@proceedings{compgeom2004,
  editor    = {Jack Snoeyink and
               Jean{-}Daniel Boissonnat},
  title     = {Proceedings of the 20th {ACM} Symposium on Computational Geometry,
               Brooklyn, New York, USA, June 8-11, 2004},
  publisher = {{ACM}},
  year      = {2004},
}
  %url       = {http://doi.acm.org/10.1145/997817},
  %doi       = {10.1145/997817},
  %isbn      = {1-58113-885-7},
  %timestamp = {Fri, 30 Jan 2015 14:53:39 +0100},
  %biburl    = {http://dblp.uni-trier.de/rec/bib/conf/compgeom/2004},
  %bibsource = {dblp computer science bibliography, http://dblp.org}
	
@proceedings{slt2010,
  editor    = {Dilek Hakkani{-}T{\"{u}}r and
               Mari Ostendorf},
  title     = {2010 {IEEE} Spoken Language Technology Workshop, {SLT} 2010, Berkeley,
               California, USA, December 12-15, 2010},
  publisher = {{IEEE}},
  year      = {2010},
}
  %url       = {http://ieeexplore.ieee.org/xpl/mostRecentIssue.jsp?punumber=5687565},
  %isbn      = {978-1-4244-7903-0},
  %timestamp = {Fri, 25 May 2012 12:47:47 +0200},
  %biburl    = {http://dblp.uni-trier.de/rec/bib/conf/slt/2010},
  %bibsource = {dblp computer science bibliography, http://dblp.org}